@article{oliver,
  title={Estimating uncertainties in statistics computed from direct numerical simulation},
  author={Oliver, Todd A and Malaya, Nicholas and Ulerich, Rhys and Moser, Robert D},
  journal={Physics of Fluids},
  volume={26},
  number={3},
  pages={035101},
  year={2014},
  publisher={AIP},
  doi="10.1063/1.4866813"
}

@article{thompson,
  title={A methodology to evaluate statistical errors in {DNS} data of plane channel flows},
  author={Thompson, Roney L and Sampaio, Luiz Eduardo B and de Bragan{\c{c}}a Alves, Felipe AV and Thais, Laurent and Mompean, Gilmar},
  journal={Computers \& Fluids},
  volume={130},
  pages={1--7},
  year={2016},
  publisher={Elsevier},
  doi="10.1016/j.compfluid.2016.01.014"
}

@article{andrade,
  title={Analysis of uncertainties and convergence of the statistical quantities in turbulent wall-bounded flows by means of a physically based criterion},
  author={Andrade, Jo{\~a}o Rodrigo and Martins, Ramon Silva and Thompson, Roney Leon and Mompean, Gilmar and da Silveira Neto, Aristeu},
  journal={Physics of Fluids},
  volume={30},
  number={4},
  pages={045106},
  year={2018},
  publisher={AIP Publishing},
  doi="10.1063/1.5023500"
}

@article{flageul,
  title={Impact of unresolved smaller scales on the scalar dissipation rate in direct numerical simulations of wall bounded flows},
  author={Flageul, C{\'e}dric and Tiselj, Iztok},
  journal={International Journal of Heat and Fluid Flow},
  volume={68},
  pages={173--179},
  year={2017},
  publisher={Elsevier},
  doi="10.1016/j.ijheatfluidflow.2017.10.009"
}

@article{moser,
  title={Direct numerical simulation of turbulent channel flow up to {${Re}_\tau=590$}},
  author={Moser, Robert D and Kim, John and Mansour, Nagi N},
  journal={Physics of fluids},
  volume={11},
  number={4},
  pages={943--945},
  year={1999},
  publisher={AIP},
  doi="10.1063/1.869966"
}

@article{vreman,
  title={Comparison of direct numerical simulation databases of turbulent channel flow at {$Re_\tau=180$}},
  author={Vreman, AW and Kuerten, Johannes GM},
  journal={Physics of Fluids},
  volume={26},
  number={1},
  pages={015102},
  year={2014},
  publisher={AIP},
  doi="10.1063/1.4861064"
}

@article{vinuesa,
  title={Convergence of numerical simulations of turbulent wall-bounded flows and mean cross-flow structure of rectangular ducts},
  author={Vinuesa, Ricardo and Prus, Cezary and Schlatter, Philipp and Nagib, Hassan M},
  journal={Meccanica},
  volume={51},
  number={12},
  pages={3025--3042},
  year={2016},
  publisher={Springer},
  doi="10.1007/s11012-016-0558-0"
}

@article{bauer2017convergence,
  title={On the convergence and scaling of high-order statistical moments in turbulent pipe flow using direct numerical simulations},
  author={Bauer, C and Feldmann, D and Wagner, C},
  journal={Physics of Fluids},
  volume={29},
  number={12},
  pages={125105},
  year={2017},
  publisher={AIP Publishing},
  doi="10.1063/1.4996882"
}

@book{billingsley2008probability,
  title={Probability and measure},
  author={Billingsley, P.},
  year={2008},
  publisher={John Wiley \& Sons},
  isbn="978-1118122372"
}